@book{RS78,
  title={IV: Analysis of Operators},
  author={Reed, M. and Simon, B.},
  isbn={9780125850049},
  series={Methods of Modern Mathematical Physics},
  year={1978},
  publisher={Elsevier Science}
}

@book{S00,
  title={Variational methods},
  author={Struwe, M.},
  volume={991},
  year={2000},
  publisher={Springer}
}

@article{LPN21,
  title={Small eigenvalues of the Witten Laplacian with Dirichlet boundary conditions: the case with critical points on the boundary},
  author={Le Peutrec, D. and Nectoux, B.},
  journal={Analysis \& PDE},
  volume={14},
  number={8},
  pages={2595--2651},
  year={2021},
  publisher={Mathematical Sciences Publishers}
}

@misc{CFKS87,
  title={Schr{\"o}dinger Operators },
  subtitle = {With Applications to Quantum Mechanics and Global Geometry},
  author={Kirsch, W. and Cycon, H.L. and Froese, R.G. and Simon, B.},
  year={1987},
  publisher={Springer, Berlin}
}
